@misc{python-doc,
        title = {{Official Python reference documentation}},
        howpublished = {\url{https://docs.python.org/3/}},
        note = {Accessed: 2020/08/19}
}
@misc{python-w3schools,
        title = {{W3C schools Python reference}},
        howpublished = {\url{https://www.w3schools.com/python/}},
        note = {Accessed: 2020/08/19}
}
@misc{anaconda,
        title = {{ANACONDA}},
        howpublished = {\url{https://www.anaconda.com/products/individual}},
        note = {Accessed: 2020/08/19}
}
@misc{pydoc,
        title = {{pydoc}},
        howpublished = {\url{https://docs.python.org/3/library/pydoc.html}},
        note = {Accessed: 2020/08/19}
}
